@Book{Evans2010,
  author    = {Evans, Lawrence C.},
  publisher = {American Mathematical Society},
  title     = {Partial differential equations},
  year      = {2010},
  address   = {Providence, Rhode Island},
  edition   = {Second edition},
  isbn      = {9780821849743},
  note      = {Literaturverzeichnis: Seite 689-701. - Index},
  number    = {19},
  series    = {Graduate studies in mathematics},
  pagetotal = {712},
  ppn_gvk   = {1831772388},
}


@Article{Courant1928,
  author    = {Courant, R. and Friedrichs, K. and Lewy, H.},
  journal   = {Mathematische Annalen},
  title     = {Über die partiellen Differenzengleichungen der mathematischen Physik},
  year      = {1928},
  issn      = {1432-1807},
  month     = dec,
  number    = {1},
  pages     = {32--74},
  volume    = {100},
  doi       = {10.1007/bf01448839},
  publisher = {Springer Science and Business Media LLC},
}

@book{LeVeque2002, 
    place={Cambridge}, 
    series={Cambridge Texts in Applied Mathematics}, 
    title={Finite Volume Methods for Hyperbolic Problems},
    publisher={Cambridge University Press}, 
    author={LeVeque, Randall J.}, 
    year={2002},
    collection={Cambridge Texts in Applied Mathematics}}

@book{Durran2010,
  author    = {Dale R. Durran},
  title     = {Numerical Methods for Fluid Dynamics: With Applications to Geophysics},
  edition   = {2nd},
  publisher = {Springer},
  year      = {2010},
  isbn      = {978-1-4419-6412-0},
  doi       = {10.1007/978-1-4419-6412-0},
  url       = {https://doi.org/10.1007/978-1-4419-6412-0}
}


@Article{Leer1979,
  author    = {van Leer, Bram},
  journal   = {Journal of Computational Physics},
  title     = {Towards the ultimate conservative difference scheme. V. A second-order sequel to Godunov’s method},
  year      = {1979},
  issn      = {0021-9991},
  month     = jul,
  number    = {1},
  pages     = {101--136},
  volume    = {32},
  doi       = {10.1016/0021-9991(79)90145-1},
  publisher = {Elsevier BV},
}

@Book{Toro2024,
  author    = {Toro, Eleuterio F.},
  publisher = {Springer Nature Switzerland},
  title     = {Computational Algorithms for Shallow Water Equations},
  year      = {2024},
  isbn      = {9783031613951},
  doi       = {10.1007/978-3-031-61395-1},
}


@book{Doos2022,
  author    = {D{\"o}{\"o}s, Kristofer and Lundberg, Per and Aldama Campino, Alejandro},
  title     = {Basic Numerical Methods in Meteorology and Oceanography},
  year      = {2022},
  publisher = {Stockholm University Press},
  address   = {Stockholm},
  pages     = {204},
  doi       = {10.16993/bbs},
  url       = {https://doi.org/10.16993/bbs}
}

@inproceedings{Arakawa1977,
  title={Computational Design of the Basic Dynamical Processes of the UCLA General Circulation Model},
  author={Akio Arakawa and Vivian R. Lamb},
  year={1977},
  url={https://api.semanticscholar.org/CorpusID:118807126}
}

@article{Bezanson2017,
  author  = {Jeff Bezanson and Alan Edelman and Stefan Karpinski and Viral B. Shah},
  title   = {Julia: A Fresh Approach to Numerical Computing},
  journal = {SIAM Review},
  year    = {2017},
  volume  = {59},
  number  = {1},
  pages   = {65--98},
  doi     = {10.1137/141000671}
}